23700000         204601397000128365066              0236710000000500100 5SEVENSE SERVICOS DE REDEZINHABANCO BRADESCO                          2050220211608240000010890000000000000BRAD                                                         
23700011C3001045 204601397000128365066              0236710000000500100 5SEVENSE SERVICOS DE REDEZINHA                                        ROD PB 138                       11TRECHO PEREIRO PEREIRO             63460000CE01                
2370001300001A0090002370588230000000217662 TICO BATISTA FERREIRA         0000000000000011413505022021BRL0000000000000000000000001479590000000000000011413500000000000000000000000                                        00          0AT        
2370001300002B   100012844444488SITIO GATAO                      30               ZONA VIZIN     SAO EXPEDITOS DO OES59908000PB05022021000000000147959000000000000000000000000000000000000000000000000000000000000               0              
2370001300003A0090002370539450000000100137 ZIZIN SILVAS DA SILVA         0000000000000011413605022021BRL0000000000000000000000000135670000000000000011413600000000000000000013567                                        00          0BD        
2370001300004B   100012817677439RUA AMORI CIPRIANO DA SILVA      65               ZONAL SORRIR   SAO PAULOS          59920000PB05022021000000000013567000000000000000000000000000000000000000000000000000000000000               0              
2370001300005A0090002370588230000000228389 ELIANILDO ZICAMEM RODRIGUES   0000000000000011413705022021BRL0000000000000000000000001398370000000000000011413700000000000000000139837                                        00          0BD        
2370001300006B   100004449867439SITIO PONTA DA TICAO            S/N               ZONA VIZIN     BONITIN             59905000PB05022021000000000139837000000000000000000000000000000000000000000000000000000000000               0              
2370001300007A0090002370201090000008883262 CIDAZ DIS FINOSO ZICAMEM      0000000000000011413805022021BRL0000000000000000000000001635980000000000000011413800000000000000000000000                                        00          0XX        
2370001300008B   100011114097935RUA SIVRINO MACO DA SILVA       475               ZININHAL MARCOSSANTA TIZA          58300000PB05022021000000000163598000000000000000000000000000000000000000000000000000000000000               0              
2370001300009A0090002370065130000000073628 JESSICA MIRANDA DA LIMAS FERRE0000000000000011413905022021BRL0000000000000000000000000575140000000000000011413900000000000000000000000                                        00          0AN        
2370001300010B   100011511174408RUA ZICZAO NINAO BEZERRA          5               ZININHAL       STYTODOA            56640000PB05022021000000000057514000000000000000000000000000000000000000000000000000000000000               0              
23700015         000012000000000000522475000000000000000000000000                                                                                                                                                                               
23799999         000001000014                                                                                                                                                                                                                   
                                                                                                                                                                                                                 
