34100000         11223456700018612234567000186      00341112234567000122NOME DA EMPRESA               BANCO BRASIL                            11005201710020100000109112345                    PRODUCAO                                         
34101231C0112030 112234567000186                    12345 123456789122  NOME EMPRESA LOTE                                                                                   12344                                   58040     12                
3410123300001C   00000000000000000000000000000000000000000000000000000000000000000000000000003158 00000003809433000000000000000                                                                                                                 
3410123300001A00070034103158 0000000380943 GLAUBER PORTELLA              12345               00000000BRL000000000100000000000001500000123456              00000000000000001500000                                        06123450    000        
3410123300001B   100005771095613RUA ALVARENGA                 00040               GUARANI        BELO HORIZONTE      31814500MG0000000000000000015000000000000000000000000000000000000000000000000000000000000000005771095613    000000060701190
34100015         000001000000000001000000000000000000100000000000                                                                                                                                                                               
34199999         000001000005000001                                                                                                                                                                                                             
